<record><leader>00000cas a2200000 a 4500</leader><controlfield tag="001">33500195</controlfield><controlfield tag="008">951117d196319uunyuer ne      0    0eng c</controlfield><datafield ind1=" " ind2=" " tag="010"><subfield code="a">sn 95071439 </subfield></datafield><datafield ind1=" " ind2=" " tag="040"><subfield code="a">NYS</subfield><subfield code="b">eng</subfield><subfield code="c">NYS</subfield><subfield code="d">OCLCQ</subfield><subfield code="d">OCLCF</subfield><subfield code="d">OCLCO</subfield></datafield><datafield ind1="1" ind2=" " tag="029"><subfield code="a">AU@</subfield><subfield code="b">000025900359</subfield></datafield><datafield ind1=" " ind2=" " tag="042"><subfield code="a">pcc</subfield></datafield><datafield ind1=" " ind2=" " tag="043"><subfield code="a">n-us-ny</subfield></datafield><datafield ind1="0" ind2="0" tag="245"><subfield code="a">Long Island pendulum.</subfield></datafield><datafield ind1="3" ind2="0" tag="246"><subfield code="a">L.I. pendulum</subfield></datafield><datafield ind1=" " ind2=" " tag="260"><subfield code="a">Lake Ronkonkoma, N.Y. :</subfield><subfield code="b">Pendulum Magazine Inc.,</subfield><subfield code="c">1963-</subfield></datafield><datafield ind1=" " ind2=" " tag="300"><subfield code="a">v.</subfield></datafield><datafield ind1=" " ind2=" " tag="310"><subfield code="a">Biweekly</subfield></datafield><datafield ind1="0" ind2=" " tag="362"><subfield code="a">Vol. 1, no. 1 (Nov. 16, 1963)-</subfield></datafield><datafield ind1=" " ind2=" " tag="500"><subfield code="a">"Ronkonkoma, Lake Ronkonkoma, Holtsville, Farmingville and Holbrook."</subfield></datafield><datafield ind1=" " ind2=" " tag="515"><subfield code="a">Numbering slightly irregular, 1963-&lt;1964&gt;.</subfield></datafield><datafield ind1=" " ind2=" " tag="588"><subfield code="a">Latest issue consulted: Vol. 1, no. 16 (June 13, 1964).</subfield></datafield><datafield ind1=" " ind2="0" tag="651"><subfield code="a">Lake Ronkonkoma (N.Y.)</subfield><subfield code="v">Newspapers.</subfield></datafield><datafield ind1=" " ind2="0" tag="651"><subfield code="a">Ronkonkoma (N.Y.)</subfield><subfield code="v">Newspapers.</subfield></datafield><datafield ind1=" " ind2="0" tag="651"><subfield code="a">Holtsville (N.Y.)</subfield><subfield code="v">Newspapers.</subfield></datafield><datafield ind1=" " ind2="0" tag="651"><subfield code="a">Farmingville (N.Y.)</subfield><subfield code="v">Newspapers.</subfield></datafield><datafield ind1=" " ind2="0" tag="651"><subfield code="a">Holbrook (N.Y.)</subfield><subfield code="v">Newspapers.</subfield></datafield><datafield ind1=" " ind2="0" tag="651"><subfield code="a">Suffolk County (N.Y.)</subfield><subfield code="v">Newspapers.</subfield></datafield><datafield ind1=" " ind2="7" tag="655"><subfield code="a">Newspapers.</subfield><subfield code="2">fast</subfield><subfield code="0">(OCoLC)fst01423814</subfield></datafield><datafield ind1=" " ind2="7" tag="651"><subfield code="a">New York (State)</subfield><subfield code="z">Farmingville.</subfield><subfield code="2">fast</subfield><subfield code="0">(OCoLC)fst01255701</subfield></datafield><datafield ind1=" " ind2="7" tag="651"><subfield code="a">New York (State)</subfield><subfield code="z">Holbrook.</subfield><subfield code="2">fast</subfield><subfield code="0">(OCoLC)fst01264099</subfield></datafield><datafield ind1=" " ind2="7" tag="651"><subfield code="a">New York (State)</subfield><subfield code="z">Holtsville.</subfield><subfield code="2">fast</subfield><subfield code="0">(OCoLC)fst01264097</subfield></datafield><datafield ind1=" " ind2="7" tag="651"><subfield code="a">New York (State)</subfield><subfield code="z">Lake Ronkonkoma.</subfield><subfield code="2">fast</subfield><subfield code="0">(OCoLC)fst01247045</subfield></datafield><datafield ind1=" " ind2="7" tag="651"><subfield code="a">New York (State)</subfield><subfield code="z">Ronkonkoma.</subfield><subfield code="2">fast</subfield><subfield code="0">(OCoLC)fst01264098</subfield></datafield><datafield ind1=" " ind2="7" tag="651"><subfield code="a">New York (State)</subfield><subfield code="z">Suffolk County.</subfield><subfield code="2">fast</subfield><subfield code="0">(OCoLC)fst01207260</subfield></datafield><datafield ind1=" " ind2=" " tag="752"><subfield code="a">United States</subfield><subfield code="b">New York</subfield><subfield code="c">Suffolk</subfield><subfield code="d">Lake Ronkonkoma.</subfield></datafield></record>